@MISC{AW,
	HOWPUBLISHED = "\url{https://tomassetti.me/antlr-and-the-web/}",
	TITLE = "ANTLR and the web: a simple example",
	NOTE = "Acedido em 23/01/2019"
}

@MISC{AMT,
	HOWPUBLISHED = "\url{https://tomassetti.me/antlr-mega-tutorial/\#setup-antlr-with-javascript}",
	TITLE = "The ANTLR Mega Tutorial",
	NOTE = "Acedido em 23/01/2019"
}

@MISC{MA,
	HOWPUBLISHED = "\url{https://medium.com/dailyjs/compiler-in-javascript-using-antlr-9ec53fd2780f}",
	TITLE = "Compiler in JavaScript using ANTLR",
	NOTE = "Acedido em 23/01/2019"
}

@MISC{DOCA,
	HOWPUBLISHED = "\url{https://github.com/antlr/antlr4/blob/master/doc/javascript-target.md}",
	TITLE = "JavaScript - How do I run the generated lexer and/or parser?",
	NOTE = "Acedido em 23/01/2019"
}